%este es el formato común de citar artículos. El formato Bibtex facilita el trabajo.



@misc{webasrob,
  author = {},
  title = {Asociación de {R}obótica ({UC3M})},
  month = {septiembre 2014 [online]},
  year = {\url{http://asrob.uc3m.es}},
}

@misc{webroboticslab,
  author = {},
  title = {Robotics Lab},
  month = {septiembre 2014 [online]},
  year = {\url{http://roboticslab.uc3m.es}},
}

@misc{webmyod,
  author = {},
  title = {Proyecto MYOD: Make Your Own Droid},
  month = {septiembre 2014 [online]},
  year = {\url{http://asrob.uc3m.es/index.php/MYOD}},
}

@misc{normativaceabot,
  author = {},
  title = {Normativa del campeonato CEABOT},
  month = {septiembre 2014 [online]},
  year = {\url{http://www.ceautomatica.es/sites/default/files/upload/10/CEABOT/docs/normativa_CEABOT_2014.pdf}},
}

@inproceedings{kitano1997robocup,
  title={Robocup: The robot world cup initiative},
  author={Kitano, Hiroaki and Asada, Minoru and Kuniyoshi, Yasuo and Noda, Itsuki and Osawa, Eiichi},
  booktitle={Proceedings of the first international conference on Autonomous agents},
  pages={340--347},
  year={1997},
  organization={ACM}
}


@inproceedings{darwin,
  title={Development of open humanoid platform DARwIn-OP},
  author={Ha, Inyong and Tamura, Yusuke and Asama, Hajime and Han, Jeakweon and Hong, Dennis W},
  booktitle={SICE Annual Conference (SICE), 2011 Proceedings of},
  pages={2178--2181},
  year={2011},
  organization={IEEE}
}

@inproceedings{gouaillier2009mechatronic,
  title={Mechatronic design of NAO humanoid},
  author={Gouaillier, David and Hugel, Vincent and Blazevic, Pierre and Kilner, Chris and Monceaux, J{\'e}r{\^o}me and Lafourcade, Pascal and Marnier, Brice and Serre, Julien and Maisonnier, Bruno},
  booktitle={Robotics and Automation, 2009. ICRA'09. IEEE International Conference on},
  pages={769--774},
  year={2009},
  organization={IEEE}
}


@article{calkins2011overview,
  title={An Overview of RoboGames [Competitions]},
  author={Calkins, David},
  journal={Robotics \& Automation Magazine, IEEE},
  volume={18},
  number={1},
  pages={14--15},
  year={2011},
  publisher={IEEE}
}

@misc{webroboone,
  author = {},
  title = {Robo-{O}ne website},
  month = {septiembre 2014 [online]},
  year = {\url{http://www.robo-one.com}},
}

@incollection{csahin2005swarm,
  title={Swarm robotics: From sources of inspiration to domains of application},
  author={{\c{S}}ahin, Erol},
  booktitle={Swarm robotics},
  pages={10--20},
  year={2005},
  publisher={Springer}
}

@inproceedings{jardon2014review,
  title={A Review of Eight Years of CEABOT Contest: A National Wide Mini Humanoids Competition},
  author={Jard{\'o}n, Alberto and Rodr{\'\i}guez, F{\'e}lix and Victores, Juan G and Mart{\'\i}nez, Santiago and Balaguer, Carlos},
  booktitle={ROBOT2013: First Iberian Robotics Conference},
  pages={41--52},
  year={2014},
  organization={Springer}
}

